
@article{Biemer2010,
title = {Total survey error: Design, implementation and evaluation},
author = {Biemer, P.},
year = {2010},
journal = {Public Opinion Quarterly},
volume = {74},
number = {5},
pages = {817–848}
}

@article{Breidt2011,
title = {Improved variance estimation for balanced samples drawn via the CUBE method},
author = {Breidt, F.J. and Chauvet, G.},
year = {2011},
journal = {Journal of Statistical Planning and Inference},
volume = {141},
pages = {479–487}
}

@manual{CodePractice18,
 title = {European Statistics Code of Practice},
 publisher = {Publications Office of the European Union},
organisation = {European Statistical System Committee},
year = {2018},
note = {Revised edition 2017},
url = {http://ec.europa.eu/eurostat/web/products-catalogues/-/KS-02-18-142},
note ={\doi{10.2785/798269}}
}

@manual{EHQR2014,
title = {European Statistical System Handbook for Quality Report},
organisation = {Eurostat},
year = {2014},
note = {2014 edition},
url = {https://ec.europa.eu/eurostat/web/products-manuals-and-guidelines/-/KS-GQ-15-003},
note ={\doi{10.2785/983454}}
}


@manual{Gros2015,
title = {Les méthodes d'estimation de la précision pour les enquêtes ménages de l'Insee tirées dans Octopusse},
author = {Gros, E. and Moussallam, K.},
organisation = {Insee},
year = {2015}
}

@manual{Gros2016,
title = {Les méthodes d'estimation de la précision de l'enquête Emploi en continu},
author = {Gros, E. and Moussallam, K.},
organisation = {Insee},
year = {2016}
}

